<record xmlns="http://www.loc.gov/MARC21/slim" xmlns:xsi="http://www.w3.org/2001/XMLSchema-instance" xsi:schemaLocation="http://www.loc.gov/MARC21/slim http://www.loc.gov/standards/marcxml/schema/MARC21slim.xsd"><leader>     nam a22        4500</leader><controlfield tag="001">001685526</controlfield><controlfield tag="003">NNU</controlfield><controlfield tag="006">m        d        </controlfield><controlfield tag="007">cr cn |||m|||a</controlfield><controlfield tag="008">150313s1964    iq      ob    000 0 ara d</controlfield><datafield ind1=" " ind2=" " tag="040"><subfield code="a">NNU</subfield><subfield code="b">eng</subfield><subfield code="c">NNU</subfield></datafield><datafield ind1=" " ind2=" " tag="066"><subfield code="c">(3</subfield></datafield><datafield ind1=" " ind2=" " tag="090"><subfield code="a">PJ7541</subfield><subfield code="b">.K33</subfield></datafield><datafield ind1="1" ind2=" " tag="100"><subfield code="6">880-01</subfield><subfield code="a">Kam&#257;l&#299;, Shaf&#299;q &#699;Abd al-Jabb&#257;r.</subfield></datafield><datafield ind1="1" ind2="3" tag="245"><subfield code="6">880-02</subfield><subfield code="a">al-Shi&#699;r &#699;inda al-badw</subfield><subfield code="h">[electronic resource] /</subfield><subfield code="c">Shaf&#299;q al-Kam&#257;l&#299;.</subfield></datafield><datafield ind1="1" ind2="4" tag="246"><subfield code="a">Shi&#699;r &#699;indal-badu</subfield></datafield><datafield ind1=" " ind2=" " tag="260"><subfield code="6">880-03</subfield><subfield code="a">Baghd&#257;d :</subfield><subfield code="b">Ma&#7789;ba&#699;at al-Irsh&#257;d,</subfield><subfield code="c">[1964]</subfield></datafield><datafield ind1=" " ind2=" " tag="300"><subfield code="a">online resource (408 p.)</subfield></datafield><datafield ind1=" " ind2=" " tag="500"><subfield code="a">Part of the Arabic Collections Online (ACO) project, contributed by New York Univeristy Libraries.</subfield></datafield><datafield ind1=" " ind2=" " tag="504"><subfield code="a">Includes bibliographical references (p. 383-389)</subfield></datafield><datafield ind1=" " ind2=" " tag="500"><subfield code="a">Cover title: al-Shi&#699;r &#699;indal-badu.</subfield></datafield><datafield ind1=" " ind2=" " tag="533"><subfield code="a">Electronic reproduction.</subfield><subfield code="b">New York, N.Y. :</subfield><subfield code="c">New York University,</subfield><subfield code="d">2015.</subfield><subfield code="5">NNU</subfield></datafield><datafield ind1=" " ind2="0" tag="650"><subfield code="a">Arabic poetry</subfield><subfield code="x">History and criticism.</subfield></datafield><datafield ind1=" " ind2="0" tag="650"><subfield code="a">Bedouins</subfield><subfield code="v">Poetry.</subfield></datafield><datafield ind1="2" ind2=" " tag="710"><subfield code="a">New York University.</subfield><subfield code="b">Libraries.</subfield></datafield><datafield ind1="0" ind2=" " tag="730"><subfield code="a">Arabic Collections Online.</subfield></datafield><datafield ind1="0" ind2="8" tag="776"><subfield code="i">Print version:</subfield><subfield code="a">Kam&#257;l&#299;, Shaf&#299;q &#699;Abd al-Jabb&#257;r.</subfield><subfield code="t">al-Shi&#699;r &#699;inda al-badw</subfield><subfield code="w">(NNU)001685526</subfield><subfield code="w">(DLC)ne 67001445</subfield></datafield><datafield ind1="4" ind2="0" tag="856"><subfield code="u">http://hdl.handle.net/2333.1/cjsxkvzf</subfield></datafield><datafield ind1="1" ind2=" " tag="880"><subfield code="6">100-01/</subfield><subfield code="a">&#1603;&#1605;&#1575;&#1604;&#1610;&#1548; &#1588;&#1601;&#1610;&#1602; &#1593;&#1576;&#1583; &#1575;&#1604;&#1580;&#1576;&#1575;&#1585;.</subfield></datafield><datafield ind1="1" ind2="2" tag="880"><subfield code="6">245-02/</subfield><subfield code="a">&#1575;&#1604;&#1588;&#1593;&#1585; &#1593;&#1606;&#1583; &#1575;&#1604;&#1576;&#1583;&#1608; /</subfield><subfield code="c">&#1588;&#1601;&#1610;&#1602; &#1575;&#1604;&#1603;&#1605;&#1575;&#1604;&#1610;.</subfield></datafield><datafield ind1=" " ind2=" " tag="880"><subfield code="6">260-03/</subfield><subfield code="a">&#1576;&#1594;&#1583;&#1575;&#1583; :</subfield><subfield code="b">&#1605;&#1591;&#1576;&#1593;&#1577; &#1575;&#1604;&#1573;&#1585;&#1588;&#1575;&#1583;&#1548;</subfield><subfield code="c">[1964]</subfield></datafield><datafield ind1=" " ind2=" " tag="959"><subfield code="a">NNU</subfield><subfield code="b">WEB</subfield><subfield code="c">GENI</subfield><subfield code="t">0</subfield><subfield code="m">Electronic access</subfield><subfield code="s">01</subfield></datafield><datafield ind1=" " ind2=" " tag="999"><subfield code="i">NNU_001685526</subfield><subfield code="s">nyu_aco000494</subfield><subfield code="e">(ERROR-880)</subfield></datafield></record>